<?xml version="1.0" encoding="UTF-8"?>
<collection xmlns:xsi="http://www.w3.org/2001/XMLSchema-instance" xsi:schemaLocation="http://www.loc.gov/MARC21/slim http://www.loc.gov/standards/marcxml/schema/MARC21slim.xsd" xmlns="http://www.loc.gov/MARC21/slim">
<record>
  <leader>00498cam a2200181 u 4500</leader>
  <controlfield tag="001">619169</controlfield>
  <controlfield tag="003">NNC</controlfield>
  <controlfield tag="005">20100307210049.0</controlfield>
  <controlfield tag="008">871223q19729999ir ||||||||| |||||||ara |</controlfield>
  <datafield tag="035" ind1=" " ind2=" ">
    <subfield code="a">(OCoLC)42847251</subfield>
  </datafield>
  <datafield tag="035" ind1=" " ind2=" ">
    <subfield code="a">(OCoLC)ocm42847251</subfield>
  </datafield>
  <datafield tag="035" ind1=" " ind2=" ">
    <subfield code="a">(CStRLIN)NYCG87-B99080</subfield>
  </datafield>
  <datafield tag="035" ind1=" " ind2=" ">
    <subfield code="9">ACS4764CU</subfield>
  </datafield>
  <datafield tag="035" ind1=" " ind2=" ">
    <subfield code="a">(NNC)619169</subfield>
  </datafield>
  <datafield tag="100" ind1=" " ind2=" ">
    <subfield code="a">Marʻashi, Ismaʻil ibn Ahmad al-Husayni.</subfield>
  </datafield>
  <datafield tag="245" ind1="1" ind2="0">
    <subfield code="a">ʻUnwan al-taʻah fi iqamat al-jumʻah wa-al-jamaʻah.</subfield>
  </datafield>
  <datafield tag="260" ind1=" " ind2=" ">
    <subfield code="a">Tihran :</subfield>
    <subfield code="b">s.n.,</subfield>
    <subfield code="c">1972?</subfield>
  </datafield>
  <datafield tag="300" ind1=" " ind2=" ">
    <subfield code="a">164 p.</subfield>
  </datafield>
  <datafield tag="955" ind1=" " ind2=" ">
    <subfield code="b">CU59565217</subfield>
    <subfield code="d">off,glx</subfield>
    <subfield code="e">ME04153</subfield>
  </datafield>
</record>
</collection>